<record><leader>00000cas a2200000 i 4500</leader><controlfield tag="001">33459104</controlfield><controlfield tag="007">hd afb---buca</controlfield><controlfield tag="007">hd bfb---baaa</controlfield><controlfield tag="008">890424u19uuuuuunyu x nea     0   h0yidoc</controlfield><datafield ind1=" " ind2=" " tag="010"><subfield code="a">sn2001058018</subfield></datafield><datafield ind1=" " ind2=" " tag="040"><subfield code="a">NYP</subfield><subfield code="b">eng</subfield><subfield code="c">NYP</subfield><subfield code="d">OCL</subfield><subfield code="d">DLC</subfield><subfield code="d">OCLCQ</subfield><subfield code="d">OCLCF</subfield><subfield code="d">OCLCO</subfield><subfield code="d">OCLCQ</subfield></datafield><datafield ind1=" " ind2=" " tag="066"><subfield code="c">(2</subfield></datafield><datafield ind1=" " ind2=" " tag="042"><subfield code="a">pcc</subfield></datafield><datafield ind1=" " ind2=" " tag="043"><subfield code="a">e-fr---</subfield></datafield><datafield ind1="0" ind2="0" tag="050"><subfield code="a">Newspaper</subfield></datafield><datafield ind1="0" ind2="0" tag="245"><subfield code="6">880-01</subfield><subfield code="a">Tsienist&#803;ishe sht&#803;ime =</subfield><subfield code="b">La Voix sioniste.</subfield></datafield><datafield ind1="3" ind2="1" tag="246"><subfield code="a">Voix sioniste</subfield></datafield><datafield ind1="1" ind2="3" tag="246"><subfield code="a">Sionistische shtime</subfield></datafield><datafield ind1="1" ind2="3" tag="246"><subfield code="a">Tsionist&#803;ishe sht&#803;ime</subfield></datafield><datafield ind1=" " ind2=" " tag="260"><subfield code="a">Paris :</subfield><subfield code="b">Socie&#769;te&#769; d'E&#769;dition de la Confe&#769;deration des Sionistes ge&#769;ne&#769;raux</subfield></datafield><datafield ind1=" " ind2=" " tag="300"><subfield code="a">volumes :</subfield><subfield code="b">illustrations ;</subfield><subfield code="c">61 cm</subfield></datafield><datafield ind1=" " ind2=" " tag="310"><subfield code="a">Irregular,</subfield><subfield code="b">&lt;Sept. 1973&gt;</subfield></datafield><datafield ind1=" " ind2=" " tag="321"><subfield code="a">Semimonthly, &lt;Oct. 9&gt;-Nov. 2,</subfield><subfield code="b">1951</subfield></datafield><datafield ind1=" " ind2=" " tag="336"><subfield code="a">text</subfield><subfield code="b">txt</subfield><subfield code="2">rdacontent</subfield></datafield><datafield ind1=" " ind2=" " tag="337"><subfield code="a">microform</subfield><subfield code="b">h</subfield><subfield code="2">rdamedia</subfield></datafield><datafield ind1=" " ind2=" " tag="338"><subfield code="a">microfilm reel</subfield><subfield code="b">hd</subfield><subfield code="2">rdacarrier</subfield></datafield><datafield ind1=" " ind2=" " tag="515"><subfield code="a">Numbering begins each year with no. 1.</subfield></datafield><datafield ind1=" " ind2=" " tag="515"><subfield code="a">Issues for &lt;Nov. 30, 1962-Sept. 1973&gt; also called &lt;whole no. 661/62-whole no. 714&gt;.</subfield></datafield><datafield ind1=" " ind2=" " tag="515"><subfield code="a">No. 300 omitted in numbering.</subfield></datafield><datafield ind1=" " ind2=" " tag="546"><subfield code="a">Title also in Yiddish in Roman script: Di Sionistische shtime.</subfield></datafield><datafield ind1=" " ind2=" " tag="588"><subfield code="a">Latest issue consulted: No. 163 (sept. 1973) = 714.</subfield></datafield><datafield ind1=" " ind2=" " tag="533"><subfield code="a">Microfilm.</subfield><subfield code="b">New York :</subfield><subfield code="c">New York Public Library,</subfield><subfield code="d">1951.</subfield><subfield code="e">3 microfilm reels ; 35 mm.</subfield><subfield code="f">(MN *ZZAN-1490).</subfield></datafield><datafield ind1=" " ind2="0" tag="650"><subfield code="a">Zionists</subfield><subfield code="v">Periodicals.</subfield></datafield><datafield ind1=" " ind2="0" tag="650"><subfield code="a">Jewish newspapers</subfield><subfield code="z">France.</subfield></datafield><datafield ind1=" " ind2="0" tag="651"><subfield code="a">Paris (France)</subfield><subfield code="v">Newspapers.</subfield></datafield><datafield ind1=" " ind2="7" tag="650"><subfield code="a">Jewish newspapers.</subfield><subfield code="2">fast</subfield><subfield code="0">(OCoLC)fst00982872</subfield></datafield><datafield ind1=" " ind2="7" tag="650"><subfield code="a">Zionists.</subfield><subfield code="2">fast</subfield><subfield code="0">(OCoLC)fst01184502</subfield></datafield><datafield ind1=" " ind2="7" tag="651"><subfield code="a">France.</subfield><subfield code="2">fast</subfield><subfield code="0">(OCoLC)fst01204289</subfield></datafield><datafield ind1=" " ind2="7" tag="651"><subfield code="a">France</subfield><subfield code="z">Paris.</subfield><subfield code="2">fast</subfield><subfield code="0">(OCoLC)fst01205283</subfield></datafield><datafield ind1=" " ind2="7" tag="655"><subfield code="a">Newspapers.</subfield><subfield code="2">fast</subfield><subfield code="0">(OCoLC)fst01423814</subfield></datafield><datafield ind1=" " ind2="7" tag="655"><subfield code="a">Periodicals.</subfield><subfield code="2">fast</subfield><subfield code="0">(OCoLC)fst01411641</subfield></datafield><datafield ind1="0" ind2="0" tag="880"><subfield code="6">245-01/(2/r</subfield><subfield code="a">&#1510;&#1497;&#1493;&#1504;&#1497;&#1505;&#1496;&#1497;&#1513;&#1506; &#1513;&#1496;&#1497;&#1502;&#1506;</subfield><subfield code="h">[microform] =</subfield><subfield code="b">La Voix sioniste.</subfield></datafield><datafield ind1="1" ind2=" " tag="029"><subfield code="a">AU@</subfield><subfield code="b">000022758967</subfield></datafield></record>